@book{wasserman2004all,
  title={All of statistics: a concise course in statistical inference},
  author={Wasserman, Larry},
  volume={26},
  year={2004},
  publisher={Springer}
}
@book{resnick2019probability,
  title={A probability path},
  author={Resnick, Sidney},
  year={2019},
  publisher={Springer}
}
@book{casella2021statistical,
  title={Statistical inference},
  author={Casella, George and Berger, Roger L},
  year={2021},
  publisher={Cengage Learning}
}